<record><leader>00000cas a2200000 a 4500</leader><controlfield tag="001">44914235</controlfield><controlfield tag="008">000831d19621979fluwr ne      0    0eng c</controlfield><datafield ind1=" " ind2=" " tag="010"><subfield code="a">sn 00229627 </subfield></datafield><datafield ind1=" " ind2=" " tag="040"><subfield code="a">FUG</subfield><subfield code="b">eng</subfield><subfield code="c">FUG</subfield><subfield code="d">OCL</subfield><subfield code="d">OCLCQ</subfield><subfield code="d">OCLCF</subfield><subfield code="d">OCLCO</subfield></datafield><datafield ind1="1" ind2=" " tag="029"><subfield code="a">AU@</subfield><subfield code="b">000021738609</subfield></datafield><datafield ind1=" " ind2=" " tag="042"><subfield code="a">pcc</subfield></datafield><datafield ind1=" " ind2=" " tag="043"><subfield code="a">n-us-fl</subfield></datafield><datafield ind1="0" ind2=" " tag="130"><subfield code="a">Herald express (Wildwood, Fla.)</subfield></datafield><datafield ind1="1" ind2="4" tag="245"><subfield code="a">The Herald express.</subfield></datafield><datafield ind1="3" ind2=" " tag="246"><subfield code="a">Wildwood's herald express</subfield><subfield code="f">June 1976-Sept. 1977</subfield></datafield><datafield ind1="3" ind2=" " tag="246"><subfield code="a">Sumter County's herald express</subfield><subfield code="f">Nov. 1977-Apr. 1979</subfield></datafield><datafield ind1=" " ind2=" " tag="260"><subfield code="a">Wildwood, Fla. :</subfield><subfield code="b">C.L. Starnes,</subfield><subfield code="c">1962-</subfield></datafield><datafield ind1=" " ind2=" " tag="300"><subfield code="a">v. :</subfield><subfield code="b">ill. ;</subfield><subfield code="c">58 cm.</subfield></datafield><datafield ind1=" " ind2=" " tag="310"><subfield code="a">Weekly</subfield></datafield><datafield ind1="0" ind2=" " tag="362"><subfield code="a">Vol. 1, no. 1 (Dec. 5, 1962)-</subfield></datafield><datafield ind1="1" ind2=" " tag="362"><subfield code="a">Ceased in May 1979.</subfield></datafield><datafield ind1=" " ind2=" " tag="588"><subfield code="a">Latest issue consulted: Vol. 18, no. 16 (Apr. 18, 1979).</subfield></datafield><datafield ind1=" " ind2="0" tag="651"><subfield code="a">Wildwood (Fla.)</subfield><subfield code="v">Newspapers.</subfield></datafield><datafield ind1=" " ind2="0" tag="651"><subfield code="a">Sumter County (Fla.)</subfield><subfield code="v">Newspapers.</subfield></datafield><datafield ind1=" " ind2="7" tag="655"><subfield code="a">Newspapers.</subfield><subfield code="2">fast</subfield><subfield code="0">(OCoLC)fst01423814</subfield></datafield><datafield ind1=" " ind2="7" tag="651"><subfield code="a">Florida</subfield><subfield code="z">Sumter County.</subfield><subfield code="2">fast</subfield><subfield code="0">(OCoLC)fst01215229</subfield></datafield><datafield ind1=" " ind2="7" tag="651"><subfield code="a">Florida</subfield><subfield code="z">Wildwood.</subfield><subfield code="2">fast</subfield><subfield code="0">(OCoLC)fst01215386</subfield></datafield><datafield ind1="1" ind2=" " tag="700"><subfield code="a">Starnes, C. L.</subfield></datafield><datafield ind1=" " ind2=" " tag="752"><subfield code="a">United States</subfield><subfield code="b">Florida</subfield><subfield code="c">Sumter</subfield><subfield code="d">Wildwood.</subfield></datafield><datafield ind1="0" ind2="4" tag="785"><subfield code="t">Sumter County times</subfield><subfield code="w">(DLC)sn 95072059</subfield><subfield code="w">(OCoLC)33393995</subfield></datafield><datafield ind1=" " ind2=" " tag="850"><subfield code="a">FU</subfield></datafield></record>